
@article{bengio2003neural,
  title={A neural probabilistic language model},
  author={Bengio, Yoshua and Ducharme, R{\'e}jean and Vincent, Pascal and Jauvin, Christian},
  journal={journal of machine learning research},
  volume={3},
  number={Feb},
  pages={1137--1155},
  year={2003}
}

@article{miikkulainen1991natural,
  title={Natural language processing with modular PDP networks and distributed lexicon},
  author={Miikkulainen, Risto and Dyer, Michael G},
  journal={Cognitive Science},
  volume={15},
  number={3},
  pages={343--399},
  year={1991},
  publisher={Elsevier}
}

@book{miikkulainen1993subsymbolic,
  title={Subsymbolic natural language processing: An integrated model of scripts, lexicon, and memory},
  author={Miikkulainen, Risto},
  year={1993},
  publisher={MIT press}
}